@misc{clang,
  title = {{Clang: a C language family frontend for LLVM}},
  note = {веб-сајт посвећен пројекту и документација, доступно на: \url{https://clang.llvm.org/}}
}

@inproceedings{kozen,
  author = {Kozen, Dexter and Tseng, Wei-Lung},
  year = {2008},
  month = {07},
  pages = {177-192},
  title = {{The Böhm–Jacopini Theorem Is False, Propositionally}},
  doi = {10.1007/978-3-540-70594-9_11},
  note = {доступно на: \url{https://www.researchgate.net/publication/225114059_The_Bohm-Jacopini_Theorem_Is_False_Propositionally}}
}