@misc{clang,
  title = {{Clang: a C language family frontend for LLVM}},
  note = {веб-сајт посвећен пројекту и документација, доступно на: \url{https://clang.llvm.org/}}
}